<record xmlns="http://www.loc.gov/MARC21/slim" xmlns:xsi="http://www.w3.org/2001/XMLSchema-instance" xsi:schemaLocation="http://www.loc.gov/MARC21/slim http://www.loc.gov/standards/marcxml/schema/MARC21slim.xsd"><leader>03623nam a2200577   4500</leader><controlfield tag="001">3063357</controlfield><controlfield tag="003">NNC</controlfield><controlfield tag="006">m        d        </controlfield><controlfield tag="007">cr cn |||m|||a</controlfield><controlfield tag="008">150223s1950    ua a    ob    000 0 ara  </controlfield><datafield ind1=" " ind2=" " tag="040"><subfield code="a">NNU</subfield><subfield code="b">eng</subfield><subfield code="c">NNU</subfield></datafield><datafield ind1="0" ind2=" " tag="041"><subfield code="a">ara</subfield><subfield code="a">fre</subfield></datafield><datafield ind1="0" ind2="0" tag="050"><subfield code="a">B749</subfield><subfield code="b">.T3 1950</subfield></datafield><datafield ind1="0" ind2=" " tag="100"><subfield code="6">880-01</subfield><subfield code="a">Averroe&#776;s,</subfield><subfield code="d">1126-1198.</subfield></datafield><datafield ind1="1" ind2="0" tag="245"><subfield code="6">880-02</subfield><subfield code="a">Talkhi&#772;s Kita&#772;b al-nafs</subfield><subfield code="h">[electronic resource] /</subfield><subfield code="c">Abi&#772; al-Wali&#772;d Ibn Rushd. </subfield></datafield><datafield ind1=" " ind2=" " tag="250"><subfield code="6">880-03</subfield><subfield code="a">al-T&#803;ab&#699;ah al-u&#772;la&#769;.</subfield></datafield><datafield ind1=" " ind2=" " tag="260"><subfield code="6">880-04</subfield><subfield code="a">al-Qa&#772;hirah :</subfield><subfield code="b">Maktabat al-Nahdat al-Mis&#803;ri&#772;yah,</subfield><subfield code="c">1950.</subfield></datafield><datafield ind1=" " ind2=" " tag="300"><subfield code="a">online resource (62, 188 p.) :</subfield><subfield code="b">ill.</subfield></datafield><datafield ind1=" " ind2=" " tag="500"><subfield code="a">Part of the Arabic Collections Online (ACO) project, contributed by Columbia University Libraries.</subfield></datafield><datafield ind1=" " ind2=" " tag="504"><subfield code="a">Includes bibliographical references.</subfield></datafield><datafield ind1=" " ind2=" " tag="500"><subfield code="a">Summary in French.</subfield></datafield><datafield ind1="0" ind2=" " tag="505"><subfield code="6">880-05</subfield><subfield code="a">Risa&#772;lat al-ittis&#803;a&#772;l / li-Ibn al-S&#803;a&#772;yigh -- Kita&#772;b al-nafs / li-Ish&#803;a&#772;q ibn H&#803;unayn -- Risa&#772;lat al-ittis&#803;a&#772;l / li-Ibn Rushd -- Risa&#772;lat al-&#699;aql / li-Ya&#699;qu&#772;b al-Kindi&#772;.</subfield></datafield><datafield ind1=" " ind2=" " tag="533"><subfield code="a">Electronic reproduction.</subfield><subfield code="b">New York, N.Y. :</subfield><subfield code="c">New York University,</subfield><subfield code="d">2015.</subfield><subfield code="5">NNU</subfield></datafield><datafield ind1=" " ind2="0" tag="650"><subfield code="a">Soul.</subfield></datafield><datafield ind1="0" ind2="0" tag="600"><subfield code="a">Aristotle.</subfield><subfield code="t">De anima.</subfield></datafield><datafield ind1="0" ind2="7" tag="630"><subfield code="a">De anima (Aristotle)</subfield><subfield code="2">fast</subfield><subfield code="0">(OCoLC)fst01356409</subfield></datafield><datafield ind1=" " ind2="7" tag="650"><subfield code="a">Soul.</subfield><subfield code="2">fast</subfield><subfield code="0">(OCoLC)fst01432098</subfield></datafield><datafield ind1="0" ind2=" " tag="653"><subfield code="a">Soul;</subfield><subfield code="a">philosophy.</subfield></datafield><datafield ind1="1" ind2=" " tag="700"><subfield code="6">880-06</subfield><subfield code="a">Ahwa&#772;ni&#772;, Ah&#803;mad Fu&#700;a&#772;d,</subfield><subfield code="d">-1970.</subfield></datafield><datafield ind1="0" ind2="2" tag="700"><subfield code="a">Aristotle.</subfield><subfield code="t">De anima.</subfield></datafield><datafield ind1="0" ind2="2" tag="700"><subfield code="6">880-07</subfield><subfield code="a">Avempace,</subfield><subfield code="d">-1138 or 1139.</subfield><subfield code="t">Risa&#772;lat al-ittis&#803;a&#772;l.</subfield></datafield><datafield ind1="0" ind2="2" tag="700"><subfield code="6">880-08</subfield><subfield code="a">Ish&#803;a&#772;q ibn H&#803;unayn,</subfield><subfield code="d">830 or 831-910 or 911.</subfield><subfield code="t">Kita&#772;b al-nafs.</subfield></datafield><datafield ind1="1" ind2="2" tag="700"><subfield code="6">880-09</subfield><subfield code="a">Ibn Rushd, &#699;Abd Alla&#772;h ibn Muh&#803;ammad,</subfield><subfield code="d">active 12th century.</subfield><subfield code="t">Risa&#772;lat al-ittis&#803;a&#772;l.</subfield></datafield><datafield ind1="0" ind2="2" tag="700"><subfield code="6">880-10</subfield><subfield code="a">Kindi&#772;,</subfield><subfield code="d">-approximately 873.</subfield><subfield code="t">Risa&#772;lat al-&#699;aql.</subfield></datafield><datafield ind1="2" ind2=" " tag="710"><subfield code="a">Columbia University.</subfield><subfield code="b">Libraries.</subfield></datafield><datafield ind1="0" ind2=" " tag="730"><subfield code="a">Arabic Collections Online.</subfield></datafield><datafield ind1="0" ind2="8" tag="776"><subfield code="i">Online version:</subfield><subfield code="a">Averroe&#776;s, 1126-1198.</subfield><subfield code="t">Talkhi&#772;s Kita&#772;b al-nafs.</subfield><subfield code="b">al-T&#803;ab&#699;ah al-u&#772;la&#769;</subfield><subfield code="d">al-Qa&#772;hirah : Maktabat al-Nahdat al-Mis&#803;ri&#772;yah, 1950</subfield><subfield code="w">(OCoLC)551416701</subfield></datafield><datafield ind1="0" ind2="8" tag="776"><subfield code="i">Print version:</subfield><subfield code="a">Averroe&#776;s, 1126-1198.</subfield><subfield code="t">Talkhi&#772;s Kita&#772;b al-nafs</subfield><subfield code="w">(NNC)3063357</subfield><subfield code="w">(DLC)   58042947 </subfield><subfield code="w">(OCoLC)25172115</subfield></datafield><datafield ind1="4" ind2="0" tag="856"><subfield code="u">http://hdl.handle.net/2333.1/2547d9pj</subfield></datafield><datafield ind1="0" ind2=" " tag="880"><subfield code="6">100-01/r</subfield><subfield code="a">&#1575;&#1576;&#1606; &#1585;&#1588;&#1583;&#1548;</subfield><subfield code="d">1126-1198.</subfield></datafield><datafield ind1="1" ind2="0" tag="880"><subfield code="6">245-02/r</subfield><subfield code="a">&#1578;&#1604;&#1582;&#1610;&#1589; &#1603;&#1578;&#1575;&#1576; &#1575;&#1604;&#1606;&#1601;&#1587; /</subfield><subfield code="c">&#1604;&#1571;&#1576;&#1610; &#1575;&#1604;&#1608;&#1604;&#1610;&#1583; &#1576;&#1606; &#1585;&#1588;&#1583;. &#1608;&#1571;&#1585;&#1576;&#1593; &#1585;&#1587;&#1575;&#1574;&#1604;: &#1585;&#1587;&#1575;&#1604;&#1577; &#1575;&#1604;&#1575;&#1578;&#1589;&#1575;&#1604; / &#1604;&#1575;&#1576;&#1606; &#1575;&#1604;&#1589;&#1575;&#1610;&#1594;&#1548; &#1603;&#1578;&#1575;&#1576; &#1575;&#1604;&#1606;&#1601;&#1587; / &#1604;&#1573;&#1587;&#1581;&#1602; &#1576;&#1606; &#1581;&#1606;&#1610;&#1606;&#1548; &#1585;&#1587;&#1575;&#1604;&#1577; &#1575;&#1604;&#1575;&#1578;&#1589;&#1575;&#1604; / &#1604;&#1575;&#1576;&#1606; &#1585;&#1588;&#1583;&#1548; &#1585;&#1587;&#1575;&#1604;&#1577; &#1575;&#1604;&#1593;&#1602;&#1604; / &#1604;&#1610;&#1593;&#1602;&#1608;&#1576; &#1575;&#1604;&#1603;&#1606;&#1583;&#1610; &#1563; &#1606;&#1588;&#1585;&#1607;&#1575; &#1608;&#1581;&#1602;&#1602;&#1607;&#1575; &#1608;&#1602;&#1583;&#1605; &#1604;&#1607;&#1575; &#1571;&#1581;&#1605;&#1583; &#1601;&#1572;&#1575;&#1583; &#1575;&#1604;&#1571;&#1607;&#1608;&#1575;&#1606;&#1610;.</subfield></datafield><datafield ind1=" " ind2=" " tag="880"><subfield code="6">250-03/r</subfield><subfield code="a">&#1575;&#1604;&#1591;&#1576;&#1593;&#1577; &#1633;.</subfield></datafield><datafield ind1=" " ind2=" " tag="880"><subfield code="6">260-04/r</subfield><subfield code="a">&#1575;&#1604;&#1602;&#1575;&#1607;&#1585;&#1577;&#1563;</subfield><subfield code="b">&#1605;&#1603;&#1578;&#1576;&#1577; &#1575;&#1604;&#1606;&#1607;&#1590;&#1577; &#1575;&#1604;&#1605;&#1589;&#1585;&#1610;&#1577;&#1548;</subfield><subfield code="c">&#1633;&#1641;&#1637;&#1632;.</subfield></datafield><datafield ind1="0" ind2=" " tag="880"><subfield code="6">505-05/r</subfield><subfield code="a">&#1585;&#1587;&#1575;&#1604;&#1577; &#1575;&#1604;&#1575;&#1578;&#1589;&#1575;&#1604; / &#1604;&#1575;&#1575;&#1576;&#1606; &#1575;&#1604;&#1589;&#1575;&#1610;&#1594;  &#1603;&#1578;&#1575;&#1576; &#1575;&#1604;&#1606;&#1601;&#1587; / &#1604;&#1575;&#1575;&#1587;&#1581;&#1575;&#1602; &#1576;&#1606; &#1581;&#1606;&#1610;&#1606;  &#1585;&#1587;&#1575;&#1604;&#1577; &#1575;&#1604;&#1575;&#1578;&#1589;&#1575;&#1604; / &#1604;&#1575;&#1575;&#1576;&#1606; &#1585;&#1588;&#1583;  &#1585;&#1587;&#1575;&#1604;&#1577; &#1575;&#1604;&#1593;&#1602;&#1604; / &#1604;&#1610;&#1593;&#1602;&#1608;&#1576; &#1575;&#1604;&#1603;&#1606;&#1583;&#1610;.</subfield></datafield><datafield ind1="1" ind2=" " tag="880"><subfield code="6">700-06/r</subfield><subfield code="a">&#1571;&#1607;&#1608;&#1575;&#1606;&#1610;&#1548; &#1571;&#1581;&#1605;&#1583; &#1601;&#1572;&#1575;&#1583;.</subfield></datafield><datafield ind1="0" ind2="2" tag="880"><subfield code="6">700-07/r</subfield><subfield code="a">&#1575;&#1576;&#1606; &#1576;&#1575;&#1580;&#1577;&#1548;</subfield><subfield code="d">1138 or 1139.</subfield><subfield code="t">&#1585;&#1587;&#1575;&#1604;&#1577; &#1575;&#1604;&#1575;&#1578;&#1589;&#1575;&#1604;.</subfield></datafield><datafield ind1="0" ind2="2" tag="880"><subfield code="6">700-08/r</subfield><subfield code="a">&#1575;&#1587;&#1581;&#1575;&#1602; &#1576;&#1606; &#1581;&#1606;&#1610;&#1606;&#1548;</subfield><subfield code="d">830 or 831-910 or 911.</subfield><subfield code="t">&#1603;&#1578;&#1575;&#1576; &#1575;&#1604;&#1606;&#1601;&#1587;.</subfield></datafield><datafield ind1="1" ind2="2" tag="880"><subfield code="6">700-09/r</subfield><subfield code="a">&#1575;&#1576;&#1606; &#1585;&#1588;&#1583;&#1548; &#1593;&#1576;&#1583; &#1575;&#1604;&#1604;&#1607; &#1576;&#1606; &#1605;&#1581;&#1605;&#1583;&#1548;</subfield><subfield code="d">active 12th century.</subfield><subfield code="t">&#1585;&#1587;&#1575;&#1604;&#1577; &#1575;&#1604;&#1575;&#1578;&#1589;&#1575;&#1604;.</subfield></datafield><datafield ind1="0" ind2="2" tag="880"><subfield code="6">700-10/r</subfield><subfield code="a">&#1603;&#1606;&#1583;&#1610;&#1548;</subfield><subfield code="d">-approximately 873.</subfield><subfield code="t">&#1585;&#1587;&#1575;&#1604;&#1577; &#1575;&#1604;&#1593;&#1602;&#1604;.</subfield></datafield><datafield ind1=" " ind2=" " tag="959"><subfield code="a">NNU</subfield><subfield code="b">WEB</subfield><subfield code="c">GENI</subfield><subfield code="t">0</subfield><subfield code="m">Electronic access</subfield><subfield code="s">01</subfield></datafield><datafield ind1=" " ind2=" " tag="999"><subfield code="i">NNC_3063357</subfield><subfield code="o">(OCoLC)25172115</subfield><subfield code="e">OK</subfield><subfield code="s">columbia_aco000186</subfield></datafield></record>